@book{ng-Book-2,
  author    = {Felipe Coury & Ari Lerner & Nate Murray & Carlos Taborda},
  title     = {ng-Book 2},
  year      = 2016,
  publisher = {FULLSTACK.io},
}

@book{Angular2,
  author    = {Sebastian Eschweiler},
  title     = {Angular 2},
  year      = 2016,
  publisher = {Lean Publishing},
}


@book{Ionic2,
  author    = {Sebastian Eschweiler},
  title     = {Ionic 2},
  year      = 2016,
  publisher = {Lean Publishing},
}


@book{TSEssentials,
  author    = {Sebastian Eschweiler},
  title     = {Essentials - ECMAScript 6 and TypeScript},
  year      = 2016,
  publisher = {Lean Publishing},
}

@book{EssentialTS,
  author    = {Jess Chadwick},
  title     = {Essential TypeScript},
  year      = 2016,
  publisher = {Lean Publishing},
}

@book{es6andts,
  author    = {Jess Chadwick},
  title     = {Essential TypeScript},
  year      = 2016,
  publisher = {Lean Publishing},
}

@manual{ng1-github,
    title  = "Angular1 Github Repository",
    author = "Angular",
    note   = "\url{https://github.com/angular/angular.js}",
    year   = "2009 (accessed July 26, 2016)"
}

@manual{ng1-ng2-comparison,
    title  = "Angular 1 vs Angular 2 - An In-Depth Comparison",
    author = "angular-University.io",
    note   = "\url{http://blog.angular-university.io/introduction-to-angular2-the-main-goals}",
    year   = "2016 (accessed July 26, 2016)"
}

@manual{js-vs-es,
    title  = "Background: JavaScript vs. ECMAScript",
    author = "Ben Ilegbodu",
    note   = "\url{http://www.benmvp.com/learning-es6-history-of-ecmascript}",
    year   = "2015 (accessed July 26, 2016)"
}

@manual{Introduction-to-the-Typescript-Transpiler,
    title  = "Introduction to the Typescript Transpiler",
    author = "David Barreto",
    note   = "\url{http://david-barreto.com/introduction-to-the-typescript-transpiler}",
    year   = "2015 (accessed July 28, 2016)"
}

@manual{js-Klassen,
    title  = "Klassen",
    author = "akumagamo, neutr0nis, LevitatingOrange",
    note   = "\url{https://developer.mozilla.org/de/docs/Web/JavaScript/Reference/Klassen}",
    year   = "2016 (accessed July 28, 2016)"
}


@manual{sitepoint-introduction-to-webcomponents,
    title  = "An Introduction to Web Components and Polymer",
    author = "Pankaj Parashar",
    note   = "\url{https://www.sitepoint.com/introduction-to-web-components-and-polymer-tutorial}",
    year   = "2016 (accessed July 28, 2016)"
}

@book{Web-Component-Architecture,
    author    = {David Shapiro},
    title     = {Web Component Architecture and Development with AngularJS},
    year      = 2015,
    publisher = {Lean Publishing}
}

@manual{changedetection-explained,
    title  = "Angular 2 Change Detection explained",
    author = "Pascal Precht",
    note   = "\url{http://blog.thoughtram.io/angular/2016/02/22/angular-2-change-detection-explained.html}",
    year   = "2016 (accessed July 28, 2016)"
}


@manual{ZONESINANGULAR2,
    title  = "Zones in Angular2",
    author = "Pascal Precht",
    note   = "\url{http://blog.thoughtram.io/angular/2016/02/01/zones-in-angular-2.html}",
    year   = "2016 (accessed July 28, 2016)"
}

@Inbook{Heitkoetter2013,
author="Heitk{\"o}tter, Henning
and Hanschke, Sebastian
and Majchrzak, Tim A.",
title="Evaluating Cross-Platform Development Approaches for Mobile Applications",
bookTitle="Web Information Systems and Technologies: 8th International Conference, WEBIST 2012, Porto, Portugal, April 18-21, 2012, Revised Selected Papers",
year="2013",
publisher="Springer Berlin Heidelberg",
address="Berlin, Heidelberg",
pages="120--138",
isbn="978-3-642-36608-6",
doi="10.1007/978-3-642-36608-6_8",
url="http://dx.doi.org/10.1007/978-3-642-36608-6_8"
}

@misc{Xamar84:online,
author = {Clarity},
title = {Xamarin Vs. Titanium Vs. PhoneGap Vs. Cordova: A Comparison},
howpublished = {\url{https://www.clarity-ventures.com/resources/xamarin/xamarin-vs-titanium-vs-phonegap-vs-cordova-a-comparison}},
month = {},
year = {},
note = {(Accessed on 07/05/2016)}
}


@manual{projectxamarin,
author = "Xamarin",
title = "Mobile App Development \& App Creation Software - Xamarin",
howpublished = "\url{https://www.xamarin.com}",
note = {(Accessed on 07/05/2016)},
year = {2016},
}

@misc{7Reas20:online,
author = {Tatiana Topal},
title = {7 Reasons Xamarin Can Be a Trouble | NexGenDesign},
howpublished = {\url{http://www.nexgendesign.com/7-reasons-xamarin-can-be-a-trouble}},
month = {July},
year = {2015},
note = {(Accessed on 07/05/2016)}
}
