@book{haase,
    author = {Haase, Oliver},
    citeulike-article-id = {13844279},
    citeulike-linkout-0 = {http://www.amazon.ca/exec/obidos/redirect?tag=citeulike09-20\&amp;path=ASIN/3486584812},
    citeulike-linkout-1 = {http://www.amazon.de/exec/obidos/redirect?tag=citeulike01-21\&amp;path=ASIN/3486584812},
    citeulike-linkout-2 = {http://www.amazon.fr/exec/obidos/redirect?tag=citeulike06-21\&amp;path=ASIN/3486584812},
    citeulike-linkout-3 = {http://www.amazon.jp/exec/obidos/ASIN/3486584812},
    citeulike-linkout-4 = {http://www.amazon.co.uk/exec/obidos/ASIN/3486584812/citeulike00-21},
    citeulike-linkout-5 = {http://www.amazon.com/exec/obidos/redirect?tag=citeulike07-20\&path=ASIN/3486584812},
    citeulike-linkout-6 = {http://www.worldcat.org/isbn/3486584812},
    citeulike-linkout-7 = {http://books.google.com/books?vid=ISBN3486584812},
    citeulike-linkout-8 = {http://www.amazon.com/gp/search?keywords=3486584812\&index=books\&linkCode=qs},
    citeulike-linkout-9 = {http://www.librarything.com/isbn/3486584812},
    day = {02},
    edition = {2., \"{u}berarbeitete und erweiterte Auflage.},
    howpublished = {Paperback},
    isbn = {3486584812},
    month = jun,
    posted-at = {2015-11-23 16:16:41},
    priority = {2},
    publisher = {Oldenbourg Wissenschaftsverlag},
    title = {Kommunikation in verteilten Anwendungen: Einf\"{u}hrung in Sockets, Java RMI, CORBA und Jini (German Edition)},
    url = {http://www.worldcat.org/isbn/3486584812},
    year = {2008}
}
